<collection>
  <record>
    <controlfield tag="001">553</controlfield>
    <datafield tag="024" ind1="7" ind2=" ">
      <subfield code="2">DOI</subfield>
      <subfield code="a">10.7483/OPENDATA.CMS.QH46.CQZ9</subfield>
    </datafield>
    <datafield tag="100" ind1=" " ind2=" ">
      <subfield code="a">Duarte, Javier</subfield>
    </datafield>
    <datafield tag="245" ind1=" " ind2=" ">
      <subfield code="a">Razor filter and analyzer for SUSY searches</subfield>
    </datafield>
    <datafield tag="256" ind1=" " ind2=" ">
      <subfield code="a">Software</subfield>
      <subfield code="f">1</subfield>
      <subfield code="t">file</subfield>
    </datafield>
    <datafield tag="256" ind1=" " ind2=" ">
      <subfield code="b">52792</subfield>
      <subfield code="t">bytes</subfield>
    </datafield>
    <datafield tag="260" ind1=" " ind2=" ">
      <subfield code="b">CERN Open Data Portal</subfield>
      <subfield code="c">2015</subfield>
    </datafield>
    <datafield tag="516" ind1=" " ind2=" ">
      <subfield code="a">Use this with the MultiJet primary datasets /MultiJet/Run2010B-Apr21ReReco-v1/AOD</subfield>
      <subfield code="w">11</subfield>
    </datafield>
    <datafield tag="520" ind1=" " ind2=" ">
      <subfield code="a"><![CDATA[ <p> This package is a filter that selects events from the MultiJet primary dataset from the CMS open data release, and computes the razor variables MR and Rsq, used in supersymmetric particle searches. More details on the razor variables can be found in <a href=“http://dx.doi.org/10.1103/PhysRevD.90.112001">Phys. Rev. D 90, 112001</a> In particular, the event is selected if there are at least two "Paticle Flow" jets with pT &gt; 60 GeV and |eta|40 GeV and |eta| &lt; 3) for each event is produced. </p> ]]></subfield>
    </datafield>
    <datafield tag="538" ind1=" " ind2=" ">
      <subfield code="a">Software release: CMSSW_4_2_8</subfield>
      <subfield code="i">Use this code with the CMS Open Data VM environment</subfield>
      <subfield code="w">250</subfield>
    </datafield>
    <datafield tag="540" ind1=" " ind2=" ">
      <subfield code="a">MIT License (MIT)</subfield>
    </datafield>
    <datafield tag="693" ind1=" " ind2=" ">
      <subfield code="a">CERN-LHC</subfield>
      <subfield code="e">CMS</subfield>
    </datafield>
    <datafield tag="581" ind1=" " ind2=" ">
      <subfield code="a">See the run instructions in</subfield>
      <subfield code="u">https://github.com/jmduarte/SUSYBSMAnalysis-RazorFilter</subfield>
      <subfield code="y">GitHub</subfield>
    </datafield>
    <datafield tag="787" ind1=" " ind2=" ">
      <subfield code="a">The output are files in csv format such as Dimuon event information derived from the Run2010B public Mu dataset</subfield>
      <subfield code="w">700</subfield>
    </datafield>
    <datafield tag="856" ind1="4" ind2=" ">
      <subfield code="u">https://github.com/jmduarte/SUSYBSMAnalysis-RazorFilter</subfield>
    </datafield>
    <datafield tag="964" ind1=" " ind2="0">
      <subfield code="c">Run2010B</subfield>
    </datafield>
    <datafield tag="980" ind1=" " ind2=" ">
      <subfield code="a">CMS-Tools</subfield>
    </datafield>
    <datafield tag="980" ind1=" " ind2=" ">
      <subfield code="b">Research</subfield>
    </datafield>
    <datafield tag="FFT" ind1=" " ind2=" ">
      <subfield code="a">/tmp/opendata.cern.ch-fft-file-cache/github-files/SUSYBSMAnalysis-RazorFilter-1.0.0.tar.gz</subfield>
    </datafield>
  </record>